@misc{airflow,
author = {Apache},
title = {apache/airflow: Apache Airflow},
howpublished = {\url{https://github.com/apache/airflow}},
month = {},
year = {2018},
note = {(Accessed on 01/22/2019)}
}
@misc{pivotal,
author = {Pivotal},
title = {Spring Cloud Data Flow},
howpublished = {\url{https://cloud.spring.io/spring-cloud-dataflow/}},
month = {},
year = {2018},
note = {(Accessed on 01/22/2019)}
}
@misc{spotify,
author = {Spotify},
title = {spotify/luigi: Luigi is a Python module that helps you build complex pipelines of batch jobs. It handles dependency resolution, workflow management, visualization etc. It also comes with Hadoop support built in.},
howpublished = {\url{https://github.com/spotify/luigi}},
month = {},
year = {2018},
note = {(Accessed on 01/22/2019)}
}
@misc{nifi,
author = {Apache},
title = {Apache NiFi},
howpublished = {\url{https://nifi.apache.org/}},
month = {},
year = {2018},
note = {(Accessed on 01/23/2019)}
}
@misc{ansible,
author = {RedHat},
title = {Ansible is Simple IT Automation},
howpublished = {\url{https://www.ansible.com/}},
month = {},
year = {2018},
note = {(Accessed on 01/23/2019)}
}