@misc{SQLAlche46,
author = {Michael Bayer},
title = {SQLAlchemy - The Database Toolkit for Python},
howpublished = {\url{https://www.sqlalchemy.org/}},
month = {Feb},
year = {2006},
note = {(Accessed on 01/31/2019)}
}
@misc{Alexisbe3,
author = {Alexis Benoist},
title = {Alexis-benoist/eralchemy: Entity Relation Diagrams generation tool},
howpublished = {\url{https://github.com/Alexis-benoist/eralchemy}},
month = {Apr},
year = {2015},
note = {(Accessed on 01/31/2019)}
}
@misc{Ansible,
author = {Red Hat},
title = {Ansible is Simple IT Automation},
howpublished = {\url{https://www.ansible.com/}},
month = {Feb},
year = {2012},
note = {(Accessed on 01/31/2019)}
}