@inproceedings{ray2014large,
  title={A large scale study of programming languages and code quality in github},
  author={Ray, Baishakhi and Posnett, Daryl and Filkov, Vladimir and Devanbu, Premkumar},
  booktitle={Proceedings of the 22nd ACM SIGSOFT International Symposium on Foundations of Software Engineering},
  pages={155--165},
  year={2014},
  organization={ACM}
}
@article{kalliamvakou2016depth,
  title={An in-depth study of the promises and perils of mining GitHub},
  author={Kalliamvakou, Eirini and Gousios, Georgios and Blincoe, Kelly and Singer, Leif and German, Daniel M and Damian, Daniela},
  journal={Empirical Software Engineering},
  volume={21},
  number={5},
  pages={2035--2071},
  year={2016},
  publisher={Springer}
}
@inproceedings{soll2017classifyhub,
  title={ClassifyHub: An Algorithm to Classify GitHub Repositories},
  author={Soll, Marcus and Vosgerau, Malte},
  booktitle={Joint German/Austrian Conference on Artificial Intelligence (K{\"u}nstliche Intelligenz)},
  pages={373--379},
  year={2017},
  organization={Springer}
}
@article{lopes2017dejavu,
  title={D{\'e}j{\`a}Vu: a map of code duplicates on GitHub},
  author={Lopes, Cristina V and Maj, Petr and Martins, Pedro and Saini, Vaibhav and Yang, Di and Zitny, Jakub and Sajnani, Hitesh and Vitek, Jan},
  journal={Proceedings of the ACM on Programming Languages},
  volume={1},
  number={OOPSLA},
  pages={84},
  year={2017},
  publisher={ACM}
}
@inproceedings{ma2017mining,
  title={Mining the Network of the Programmers: A Data-Driven Analysis of GitHub},
  author={Ma, Yezhou and Li, Huiying and Hu, Jiyao and Xie, Rong and Chen, Yang},
  booktitle={Proceedings of the 12th Chinese Conference on Computer Supported Cooperative Work and Social Computing},
  pages={165--168},
  year={2017},
  organization={ACM}
}
@article{borges2018s,
  title={What’s in a GitHub star? understanding repository starring practices in a social coding platform},
  author={Borges, Hudson and Valente, Marco Tulio},
  journal={Journal of Systems and Software},
  volume={146},
  pages={112--129},
  year={2018},
  publisher={Elsevier}
}
@techreport{avelino2015truck,
  title={What is the Truck Factor of popular GitHub applications? A first assessment},
  author={Avelino, Guilherme and Valente, Marco Tulio and Hora, Andre},
  year={2015},
  institution={PeerJ PrePrints}
}
@article{markovtsev2017topic,
  title={Topic modeling of public repositories at scale using names in source code},
  author={Markovtsev, Vadim and Kant, Eiso},
  journal={arXiv preprint arXiv:1704.00135},
  year={2017}
}
@misc{TheApach51:online,
author = {Apache},
title = {The Apache Software Foundation Announces Apache™ Spark™ as a Top-Level Project : The Apache Software Foundation Blog},
howpublished = {\url{https://blogs.apache.org/foundation/entry/the_apache_software_foundation_announces50}},
month = {Feb},
year = {2014},
note = {(Accessed on 04/26/2019)}
}
@misc{elastics3:online,
author = {Apache},
title = {elastic/elasticsearch Lucene Server Dependency},
howpublished = {\url{https://github.com/elastic/elasticsearch/blob/0dca576a35fa6fb199ae8dbb7d01603c21991f7e/server/build.gradle}},
month = {Apr},
year = {2019},
note = {(Accessed on 04/26/2019)}
}